<collection xmlns='http://www.loc.gov/MARC21/slim' xmlns:xsi='http://www.w3.org/2001/XMLSchema-instance' xsi:schemaLocation='http://www.loc.gov/standards/marcxml/schema/MARC21slim.xsd'>
  <record xmlns="http://www.loc.gov/MARC21/slim">
    <leader>00000ntm a2200000Ia 4500</leader>
    <controlfield tag="001">on1097683076</controlfield>
    <controlfield tag="008">190419q16941799tu a          000 0 ara d</controlfield>
    <datafield tag="040" ind1=" " ind2=" ">
      <subfield code="a">ZCU</subfield>
      <subfield code="b">eng</subfield>
      <subfield code="e">amremm</subfield>
      <subfield code="c">ZCU</subfield>
    </datafield>
    <datafield tag="035" ind1=" " ind2=" ">
      <subfield code="a">(NNC)13848508</subfield>
    </datafield>
    <datafield tag="041" ind1="0" ind2=" ">
      <subfield code="a">ara</subfield>
      <subfield code="a">ota</subfield>
    </datafield>
    <datafield tag="043" ind1=" " ind2=" ">
      <subfield code="a">n-us-ny</subfield>
    </datafield>
    <datafield tag="049" ind1=" " ind2=" ">
      <subfield code="a">ZCUA</subfield>
    </datafield>
    <datafield tag="245" ind1="0" ind2="0">
      <subfield code="a">[Collection of works on astronomy and astronomical instruments]</subfield>
    </datafield>
    <datafield tag="264" ind1=" " ind2="0">
      <subfield code="a">[Turkey?],</subfield>
      <subfield code="c">[between 1694 and 1799?]</subfield>
    </datafield>
    <datafield tag="300" ind1=" " ind2=" ">
      <subfield code="a">101 leaves :</subfield>
      <subfield code="b">paper, illustrations ;</subfield>
      <subfield code="c">205 x 150 (170) mm, bound to 220 mm</subfield>
    </datafield>
    <datafield tag="336" ind1=" " ind2=" ">
      <subfield code="a">text</subfield>
      <subfield code="b">txt</subfield>
      <subfield code="2">rdacontent</subfield>
    </datafield>
    <datafield tag="337" ind1=" " ind2=" ">
      <subfield code="a">unmediated</subfield>
      <subfield code="b">n</subfield>
      <subfield code="2">rdamedia</subfield>
    </datafield>
    <datafield tag="338" ind1=" " ind2=" ">
      <subfield code="a">volume</subfield>
      <subfield code="b">nc</subfield>
      <subfield code="2">rdacarrier</subfield>
    </datafield>
    <datafield tag="340" ind1=" " ind2=" ">
      <subfield code="d">manuscript</subfield>
    </datafield>
    <datafield tag="500" ind1=" " ind2=" ">
      <subfield code="a">Manuscript codex.</subfield>
    </datafield>
    <datafield tag="520" ind1=" " ind2=" ">
      <subfield code="a">Collection of works on astronomy and astronomical instruments in Arabic and Ottoman Turkish copied in the same hand and bound together; the Turkish work (3) is missing the first leaf; f. 84v-98v are all excerpts from (naqala min) the same book with no attribution, Miṣbāḥ al-ẓalām.</subfield>
    </datafield>
    <datafield tag="530" ind1=" " ind2=" ">
      <subfield code="a">Also available as a digital facsimile.</subfield>
    </datafield>
    <datafield tag="546" ind1=" " ind2=" ">
      <subfield code="a">Arabic and Ottoman Turkish.</subfield>
    </datafield>
    <datafield tag="500" ind1=" " ind2=" ">
      <subfield code="a">Collective title supplied by cataloger; titles for individual works from caption titles, except for work 3, which was supplied by cataloger.</subfield>
    </datafield>
    <datafield tag="505" ind1="1" ind2=" ">
      <subfield code="a">1. f. 1r-16v: Risālah laṭīfah fī al-ʻamal bi-al-kurah al-musammá bi-Dhāt al-kursī / Qusṭā ibn Lūqā -- 2. f. 17r-25v: Risālat al-ʻamal bi-al-kurah / Abū ʻAlī al-Marrākushī -- 3. f. 26r-36v: [Turkish work on astronomy in 30 chapters] -- 4. f. 38r-48v: Jadwal maṭāliʻ al-burūj -- 5. f. 49v-57r: Risālah fī al-astaṭurlạb / Mūsá ibn Ibrāhīm -- 6. f. 57v-69r: Risālah fī al-ʻamal bi-al-rubʻ al-mujayyab / Sibṭ al-Māridīnī -- 7. f. 70v-76v: Mūḍiḥ al-awqāt / Muḥammad ibn Sinān al-Muwaqqit -- 8. f. 77v-84r: Fī bayān aḥkām al-kawākib al-ʻalawiyah fī al-burūj al-ithná ʻashar -- 9. f. 84v: Masʼalah fī maʻrifat ṣafḥat al-astaṭurlāb -- 10. f. 84v-93r: Fī bayān maʻrifat ṭulūʻ al-manāzil min awwal al-layl ilá ākhirih -- 11. f. 94r-95v: Fī bayān tasyīr al-darajah ilá darajah ukhrá aw kawkab ilá ukhrá -- 12. f. 95v-96r: Fī bayān taḥṣīl inẓār al-kawākib min al-tathlīth wa-al-tarbīʻ -- 13 f. 96v-97v: Fī maʻrifat aṭwal al-buldān wa-ʻurūḍihā -- 14. f. 97v-98r: Fī bayān ʻarḍ al-ufuq al-ḥādith -- 15. f. 98r-98v: Fī maʻrifat al-maṭāliʻ al-baladīyah -- 16. f. 98v: Fī maʻrifat irtifāʻ al-kawkab -- 17. f. 99r-99v: Fāʼidah jalīlah fī maʻrifat ṭulūʻ al-qamr wa-fāʼidah ukhrá ayḍan -- 18. f. 99v-101v: Hādhā jadwal fī maʻrifat kawkab</subfield>
    </datafield>
    <datafield tag="500" ind1=" " ind2=" ">
      <subfield code="a">Layout: 19-22 long lines.</subfield>
    </datafield>
    <datafield tag="500" ind1=" " ind2=" ">
      <subfield code="a">Script: Written in rapid naskh in black ink; pointed.</subfield>
    </datafield>
    <datafield tag="500" ind1=" " ind2=" ">
      <subfield code="a">Decoration: Rubrications in red with numerous geometrical drawings and tables.</subfield>
    </datafield>
    <datafield tag="500" ind1=" " ind2=" ">
      <subfield code="a">Origin: Some items in the collection (1, 2, 3, 6, 7) are dated and were copied between 1106 and 1107 AH (1695-1696 CE) (f. 16v, 25v, 36v, 69r, 76v). The last work says that the collection was gathered by Yūnus ibn Aḥmad al-Dajānī (f. 101v).</subfield>
    </datafield>
    <datafield tag="500" ind1=" " ind2=" ">
      <subfield code="a">Shelfmark: MS Or 285.</subfield>
    </datafield>
    <datafield tag="500" ind1=" " ind2=" ">
      <subfield code="a">Three loose leaves belonging to this manuscript were formerly inserted in MS Or 278, and have been returned to this volume.</subfield>
    </datafield>
    <datafield tag="500" ind1=" " ind2=" ">
      <subfield code="a">The copyist for most of the works in this collection consistently spells asṭurlāb with an extra tāʼ before the ṭāʼ.</subfield>
    </datafield>
    <datafield tag="541" ind1="1" ind2=" ">
      <subfield code="a">Gift of George Arthur Plimpton, 1936.</subfield>
    </datafield>
    <datafield tag="561" ind1="1" ind2=" ">
      <subfield code="a">Formerly owned by George Arthur Plimpton (bookplate inside front cover).</subfield>
    </datafield>
    <datafield tag="563" ind1=" " ind2=" ">
      <subfield code="a">Green paper wrapper with remnants of a stamped floral image.</subfield>
    </datafield>
    <datafield tag="588" ind1="0" ind2=" ">
      <subfield code="a">Item cataloged from digital facsimile and existing description.</subfield>
    </datafield>
    <datafield tag="650" ind1=" " ind2="0">
      <subfield code="a">Almucantar</subfield>
      <subfield code="v">Early works to 1800.</subfield>
    </datafield>
    <datafield tag="650" ind1=" " ind2="0">
      <subfield code="a">Astronomy, Arab</subfield>
      <subfield code="v">Early works to 1800.</subfield>
    </datafield>
    <datafield tag="650" ind1=" " ind2="0">
      <subfield code="a">Astronomical instruments</subfield>
      <subfield code="z">Islamic Empire</subfield>
      <subfield code="v">Early works to 1800.</subfield>
    </datafield>
    <datafield tag="650" ind1=" " ind2="0">
      <subfield code="a">Timekeeping</subfield>
      <subfield code="z">Islamic Empire</subfield>
      <subfield code="v">Early works to 1800.</subfield>
    </datafield>
    <datafield tag="650" ind1=" " ind2="0">
      <subfield code="a">Manuscripts, Arabic</subfield>
      <subfield code="z">New York (State)</subfield>
      <subfield code="z">New York.</subfield>
    </datafield>
    <datafield tag="650" ind1=" " ind2="0">
      <subfield code="a">Manuscripts, Turkish</subfield>
      <subfield code="z">New York (State)</subfield>
      <subfield code="z">New York.</subfield>
    </datafield>
    <datafield tag="655" ind1=" " ind2="7">
      <subfield code="a">Codices (bound manuscripts)</subfield>
      <subfield code="2">aat</subfield>
    </datafield>
    <datafield tag="655" ind1=" " ind2="7">
      <subfield code="a">Diagrams.</subfield>
      <subfield code="2">aat</subfield>
    </datafield>
    <datafield tag="655" ind1=" " ind2="7">
      <subfield code="a">Manuscripts (documents)</subfield>
      <subfield code="2">aat</subfield>
    </datafield>
    <datafield tag="655" ind1=" " ind2="7">
      <subfield code="a">Tables (documents)</subfield>
      <subfield code="2">aat</subfield>
    </datafield>
    <datafield tag="700" ind1="0" ind2="2">
      <subfield code="6">880-01</subfield>
      <subfield code="a">Qusṭā ibn Lūqā,</subfield>
      <subfield code="d">approximately 820-approximately 912.</subfield>
      <subfield code="t">Risālah fī al-ʻamal bi-al-kurah.</subfield>
    </datafield>
    <datafield tag="700" ind1="1" ind2="2">
      <subfield code="6">880-02</subfield>
      <subfield code="a">Marrākushī, Abū al-Ḥasan ʻAlī,</subfield>
      <subfield code="d">active 13th century.</subfield>
      <subfield code="t">Risālat al-ʻamal bi-al-kurah.</subfield>
    </datafield>
    <datafield tag="700" ind1="0" ind2="2">
      <subfield code="6">880-03</subfield>
      <subfield code="a">Mūsá ibn Ibrāhīm.</subfield>
      <subfield code="t">Risālah fī al-asṭurlāb.</subfield>
    </datafield>
    <datafield tag="700" ind1="1" ind2="2">
      <subfield code="6">880-04</subfield>
      <subfield code="a">Sibṭ al-Māridīnī, Badr al-Dīn Muḥammad ibn Muḥammad,</subfield>
      <subfield code="d">1423-</subfield>
      <subfield code="t">Risālah fī al-ʻamal bi-al-rubʻ al-mujayyab.</subfield>
    </datafield>
    <datafield tag="700" ind1="1" ind2="2">
      <subfield code="6">880-05</subfield>
      <subfield code="a">Muwaqqit, Muḥammad ibn Kātib Sinān.</subfield>
      <subfield code="t">Mūḍiḥ al-awqāt.</subfield>
    </datafield>
    <datafield tag="700" ind1="1" ind2=" ">
      <subfield code="a">Plimpton, George A.</subfield>
      <subfield code="q">(George Arthur),</subfield>
      <subfield code="d">1855-1936,</subfield>
      <subfield code="e">former owner.</subfield>
    </datafield>
    <datafield tag="700" ind1="1" ind2=" ">
      <subfield code="6">880-06</subfield>
      <subfield code="a">Dajānī, Yūnus ibn Aḥmad,</subfield>
      <subfield code="e">editor.</subfield>
    </datafield>
    <datafield tag="710" ind1="2" ind2=" ">
      <subfield code="a">Muslim World Manuscripts (Columbia University. Rare Book and Manuscript Library)</subfield>
      <subfield code="5">NNC</subfield>
    </datafield>
    <datafield tag="740" ind1="0" ind2="2">
      <subfield code="a">Turkish work on astronomy in 30 chapters.</subfield>
    </datafield>
    <datafield tag="740" ind1="0" ind2="2">
      <subfield code="6">880-07</subfield>
      <subfield code="a">Jadwal maṭāliʻ al-burūj.</subfield>
    </datafield>
    <datafield tag="740" ind1="0" ind2="2">
      <subfield code="6">880-08</subfield>
      <subfield code="a">Fī bayān aḥkām al-kawākib al-ʻalawiyah fī al-burūj al-ithná ʻashar.</subfield>
    </datafield>
    <datafield tag="740" ind1="0" ind2="2">
      <subfield code="6">880-09</subfield>
      <subfield code="a">Masʼalah fī maʻrifat ṣafḥat al-astaṭurlāb.</subfield>
    </datafield>
    <datafield tag="740" ind1="0" ind2="2">
      <subfield code="6">880-10</subfield>
      <subfield code="a">Fī bayān maʻrifat ṭulūʻ al-manāzil min awwal al-layl ilá ākhirih.</subfield>
    </datafield>
    <datafield tag="740" ind1="0" ind2="2">
      <subfield code="6">880-11</subfield>
      <subfield code="a">Fī bayān tasyīr al-darajah ilá darajah ukhrá aw kawkab ilá ukhrá.</subfield>
    </datafield>
    <datafield tag="740" ind1="0" ind2="2">
      <subfield code="6">880-12</subfield>
      <subfield code="a">Fī bayān taḥṣīl inẓār al-kawākib min al-tathlīth wa-al-tarbīʻ</subfield>
    </datafield>
    <datafield tag="740" ind1="0" ind2="2">
      <subfield code="6">880-13</subfield>
      <subfield code="a">Fī maʻrifat aṭwal al-buldān wa-ʻurūḍihā.</subfield>
    </datafield>
    <datafield tag="740" ind1="0" ind2="2">
      <subfield code="6">880-14</subfield>
      <subfield code="a">Fī bayān ʻarḍ al-ufuq al-ḥādith.</subfield>
    </datafield>
    <datafield tag="740" ind1="0" ind2="2">
      <subfield code="6">880-15</subfield>
      <subfield code="a">Fī maʻrifat al-maṭāliʻ al-baladīyah.</subfield>
    </datafield>
    <datafield tag="740" ind1="0" ind2="2">
      <subfield code="6">880-16</subfield>
      <subfield code="a">Fī maʻrifat irtifāʻ al-kawkab.</subfield>
    </datafield>
    <datafield tag="740" ind1="0" ind2="2">
      <subfield code="6">880-17</subfield>
      <subfield code="a">Fāʼidah jalīlah fī maʻrifat ṭulūʻ al-qamr wa-fāʼidah ukhrá ayḍan.</subfield>
    </datafield>
    <datafield tag="740" ind1="0" ind2="2">
      <subfield code="6">880-18</subfield>
      <subfield code="a">Hādhā jadwal fī maʻrifat kawkab.</subfield>
    </datafield>
    <datafield tag="856" ind1="4" ind2="1">
      <subfield code="z">Digital facsimile in OPenn</subfield>
      <subfield code="u">http://openn.library.upenn.edu/Data/0032/html/ms_or_285.html</subfield>
    </datafield>
    <datafield tag="852" ind1=" " ind2=" ">
      <subfield code="a">Columbia University.</subfield>
      <subfield code="b">Rare Book and Manuscript Library</subfield>
      <subfield code="e">New York, NY. 10027</subfield>
      <subfield code="n">nyu</subfield>
      <subfield code="u">https://clio.columbia.edu/catalog/13848508</subfield>
    </datafield>
    <datafield tag="880" ind1="0" ind2="2">
      <subfield code="6">700-01/(3/r</subfield>
      <subfield code="a">قسطا بن لوقا،</subfield>
      <subfield code="d">approximately 820-approximately 912.</subfield>
      <subfield code="t">رسالة في العمل بالكرة.</subfield>
    </datafield>
    <datafield tag="880" ind1="1" ind2="2">
      <subfield code="6">700-02/(3/r</subfield>
      <subfield code="a">مراكشي، ابو الحسن علي،</subfield>
      <subfield code="d">active 13th century.</subfield>
      <subfield code="t">رسالة العمل بالكرة.</subfield>
    </datafield>
    <datafield tag="880" ind1="0" ind2="2">
      <subfield code="6">700-03/(3/r</subfield>
      <subfield code="a">موسى بن ابراهيم.</subfield>
      <subfield code="t">رسالة في الاسطرلاب.</subfield>
    </datafield>
    <datafield tag="880" ind1="1" ind2="2">
      <subfield code="6">700-04/(3/r</subfield>
      <subfield code="a">سبط المارديني، بدر الدين محمد بن محمد،</subfield>
      <subfield code="d">1423-.</subfield>
      <subfield code="t">رسالة في العمل بالربع المجيب.</subfield>
    </datafield>
    <datafield tag="880" ind1="1" ind2="2">
      <subfield code="6">700-05/(3/r</subfield>
      <subfield code="a">موقت، محمد بن كاتب سنان.</subfield>
      <subfield code="t">موضح الأوقات.</subfield>
    </datafield>
    <datafield tag="880" ind1="1" ind2=" ">
      <subfield code="6">700-06/(3/r</subfield>
      <subfield code="a">دجاني، يونس بن احمد.</subfield>
    </datafield>
    <datafield tag="880" ind1="0" ind2="2">
      <subfield code="6">740-07/(3/r</subfield>
      <subfield code="a">جدول مطالع البروج.</subfield>
    </datafield>
    <datafield tag="880" ind1="0" ind2="2">
      <subfield code="6">740-08/(3/r</subfield>
      <subfield code="a">في بيان احكام الكواكب العلوية في البروج الاثنى عشر.</subfield>
    </datafield>
    <datafield tag="880" ind1="0" ind2="2">
      <subfield code="6">740-09/(3/r</subfield>
      <subfield code="a">مسألة في معرفة صفحة الاستطرلاب.</subfield>
    </datafield>
    <datafield tag="880" ind1="0" ind2="2">
      <subfield code="6">740-10/(3/r</subfield>
      <subfield code="a">في بيان معرفة طلوع المنازل من اول الليل الى آخره.</subfield>
    </datafield>
    <datafield tag="880" ind1="0" ind2="2">
      <subfield code="6">740-11/(3/r</subfield>
      <subfield code="a">في بيان تسيير الدرجة الى درجة اخرى او كوكب الى اخرى.</subfield>
    </datafield>
    <datafield tag="880" ind1="0" ind2="2">
      <subfield code="6">740-12/(3/r</subfield>
      <subfield code="a">في بيان تحصيل انظار الكواكب من التثليث والتربيع</subfield>
    </datafield>
    <datafield tag="880" ind1="0" ind2="2">
      <subfield code="6">740-13/(3/r</subfield>
      <subfield code="a">في معرفة اطول البلدان وعروضها.</subfield>
    </datafield>
    <datafield tag="880" ind1="0" ind2="2">
      <subfield code="6">740-14/(3/r</subfield>
      <subfield code="a">في بيان عرض الأفق الحادث.</subfield>
    </datafield>
    <datafield tag="880" ind1="0" ind2="2">
      <subfield code="6">740-15/(3/r</subfield>
      <subfield code="a">في معرفة المطالع البلدية.</subfield>
    </datafield>
    <datafield tag="880" ind1="0" ind2="2">
      <subfield code="6">740-16/(3/r</subfield>
      <subfield code="a">في معرفة ارتفاع الكوكب.</subfield>
    </datafield>
    <datafield tag="880" ind1="0" ind2="2">
      <subfield code="6">740-17/(3/r</subfield>
      <subfield code="a">فائدة جليلة في معرفة طلوع القمر وفائدة اخرى ايضا.</subfield>
    </datafield>
    <datafield tag="880" ind1="0" ind2="2">
      <subfield code="6">740-18/(3/r</subfield>
      <subfield code="a">هذا جدول في معرفة كوكب.</subfield>
    </datafield>
    <datafield tag="066" ind1=" " ind2=" ">
      <subfield code="c">(3</subfield>
    </datafield>
  </record></collection>